
@Misc{Taswell2010,
  author    = {Taswell, Carl},
  title     = {Portals and doors for the semantic web and grid},
  month     = sep #{~7},
  year      = {2010},
  note      = {US Patent 7,792,836},
  publisher = {Google Patents},
}

@Article{Taswell2008,
  author    = {Taswell, Carl},
  title     = {DOORS to the semantic web and grid with a PORTAL for biomedical computing},
  journal   = {IEEE Transactions on Information Technology in Biomedicine},
  year      = {2008},
  volume    = {12},
  number    = {2},
  pages     = {191--204},
  publisher = {IEEE},
}

@Article{Taswell2010a,
  author    = {Taswell, Carl},
  title     = {A distributed infrastructure for metadata about metadata: The HDMM architectural style and PORTAL-DOORS system},
  journal   = {Future Internet},
  year      = {2010},
  volume    = {2},
  number    = {2},
  pages     = {156--189},
  publisher = {Molecular Diversity Preservation International},
}

@Article{BarrasaRodriguez2004,
  author    = {Barrasa Rodr{\'\i}guez, Jes{\'u}s and Corcho, {\'O}scar and G{\'o}mez-P{\'e}rez, Asunci{\'o}n},
  title     = {R2O, an extensible and semantically based database-to-ontology mapping language},
  year      = {2004},
  publisher = {Springer-Verlag},
}

@Article{Spanos2012,
  author    = {Spanos, Dimitrios-Emmanuel and Stavrou, Periklis and Mitrou, Nikolas},
  title     = {Bringing relational databases into the semantic web: A survey},
  journal   = {Semantic Web},
  year      = {2012},
  volume    = {3},
  number    = {2},
  pages     = {169--209},
  publisher = {IOS Press},
}

@Article{Berners-Lee2001,
  author    = {Berners-Lee, Tim and Hendler, James and Lassila, Ora and others},
  title     = {The semantic web},
  journal   = {Scientific american},
  year      = {2001},
  volume    = {284},
  number    = {5},
  pages     = {28--37},
  publisher = {New York, NY, USA:},
}

@InProceedings{Stojanovic2002,
  author       = {Stojanovic, Ljiljana and Stojanovic, Nenad and Volz, Raphael},
  title        = {Migrating data-intensive web sites into the semantic web},
  booktitle    = {Proceedings of the 2002 ACM symposium on Applied computing},
  year         = {2002},
  pages        = {1100--1107},
  organization = {ACM},
}

@Misc{MySQL2001,
  author = {MySQL, AB},
  title  = {MySQL},
  year   = {2001},
}

@Book{Suehring2002,
  title     = {MySQL bible},
  publisher = {John Wiley \& Sons, Inc.},
  year      = {2002},
  author    = {Suehring, Steve},
}

@Book{Dickey2014,
  title     = {Write modern web apps with the MEAN stack: Mongo, Express, AngularJS, and Node. js},
  publisher = {Pearson Education},
  year      = {2014},
  author    = {Dickey, Jeff},
}

@TechReport{Pan2004,
  author      = {Pan, Zhengxiang and Heflin, Jeff},
  title       = {Dldb: Extending relational databases to support semantic web queries},
  institution = {DTIC Document},
  year        = {2004},
}
